@article{yang2016classification,
  title={Classification of trash for recyclability status},
  author={Yang, Mindy and Thung, Gary},
  journal={CS229 Project Report},
  volume={2016},
  year={2016}
}


@article{chu2018multilayer,
  title={Multilayer hybrid deep-learning method for waste classification and recycling},
  author={Chu, Yinghao and Huang, Chen and Xie, Xiaodan and Tan, Bohai and Kamal, Shyam and Xiong, Xiaogang},
  journal={Computational Intelligence and Neuroscience},
  volume={2018},
  year={2018},
  publisher={Hindawi}
}

@inproceedings{bircanouglu2018recyclenet,
  title={RecycleNet: Intelligent Waste Sorting Using Deep Neural Networks},
  author={Bircano{\u{g}}lu, Cenk and Atay, Meltem and Be{\c{s}}er, Fuat and Gen{\c{c}}, {\"O}zg{\"u}n and K{\i}zrak, Merve Ayy{\"u}ce},
  booktitle={2018 Innovations in Intelligent Systems and Applications (INISTA)},
  pages={1--7},
  year={2018},
  organization={IEEE}
}


@inproceedings{he2016deep,
  title={Deep residual learning for image recognition},
  author={He, Kaiming and Zhang, Xiangyu and Ren, Shaoqing and Sun, Jian},
  booktitle={Proceedings of the IEEE conference on computer vision and pattern recognition},
  pages={770--778},
  year={2016}
}

@misc{howard2018fastai,
  title={fastai},
  author={Howard, Jeremy and others},
  year={2018},
  publisher={GitHub},
  howpublished={\url{https://github.com/fastai/fastai}},
}


@misc{1CyclePolicy,
    author    = "Sylvain Gugger",
    title     = "1 Cycle Policy",
    url       = "https://sgugger.github.io/the-1cycle-policy.html"
}
    
@misc{smith2018disciplined,
    title={A disciplined approach to neural network hyper-parameters: Part 1 -- learning rate, batch size, momentum, and weight decay},
    author={Leslie N. Smith},
    year={2018},
    eprint={1803.09820},
    archivePrefix={arXiv},
    primaryClass={cs.LG}
}

@misc{TensorflowODT,
    author    = "Tensorflow",
    title     = "Object Detection API",
    url       = "https://tensorflow-object-detection-api-tutorial.readthedocs.io/en/latest/training.html"
}


@inproceedings{ren2015faster,
  title={Faster r-cnn: Towards real-time object detection with region proposal networks},
  author={Ren, Shaoqing and He, Kaiming and Girshick, Ross and Sun, Jian},
  booktitle={Advances in neural information processing systems},
  pages={91--99},
  year={2015}
}

@article{howard2017mobilenets,
  title={Mobilenets: Efficient convolutional neural networks for mobile vision applications},
  author={Howard, Andrew G and Zhu, Menglong and Chen, Bo and Kalenichenko, Dmitry and Wang, Weijun and Weyand, Tobias and Andreetto, Marco and Adam, Hartwig},
  journal={arXiv preprint arXiv:1704.04861},
  year={2017}
}

@misc{tensorflow2015-whitepaper,
title={{TensorFlow}: Large-Scale Machine Learning on Heterogeneous Systems},
url={http://tensorflow.org/},
note={Software available from tensorflow.org},
author={
    Mart\'{\i}n~Abadi and
    Ashish~Agarwal and
    Paul~Barham and
    Eugene~Brevdo and
    Zhifeng~Chen and
    Craig~Citro and
    Greg~S.~Corrado and
    Andy~Davis and
    Jeffrey~Dean and
    Matthieu~Devin and
    Sanjay~Ghemawat and
    Ian~Goodfellow and
    Andrew~Harp and
    Geoffrey~Irving and
    Michael~Isard and
    Yangqing Jia and
    Rafal~Jozefowicz and
    Lukasz~Kaiser and
    Manjunath~Kudlur and
    Josh~Levenberg and
    Dan~Man\'{e} and
    Rajat~Monga and
    Sherry~Moore and
    Derek~Murray and
    Chris~Olah and
    Mike~Schuster and
    Jonathon~Shlens and
    Benoit~Steiner and
    Ilya~Sutskever and
    Kunal~Talwar and
    Paul~Tucker and
    Vincent~Vanhoucke and
    Vijay~Vasudevan and
    Fernanda~Vi\'{e}gas and
    Oriol~Vinyals and
    Pete~Warden and
    Martin~Wattenberg and
    Martin~Wicke and
    Yuan~Yu and
    Xiaoqiang~Zheng},
  year={2015},
}

@misc{chollet2015keras,
  title={Keras},
  author={Chollet, Fran\c{c}ois and others},
  year={2015},
  howpublished={\url{https://keras.io}},
}

@book{geron2019hands,
  title={Hands-On Machine Learning with Scikit-Learn, Keras, and TensorFlow: Concepts, Tools, and Techniques to Build Intelligent Systems},
  author={G{\'e}ron, Aur{\'e}lien},
  year={2019},
  publisher={O'Reilly Media}
}

@inproceedings{wu2019gp,
  title={Gp-gan: Towards realistic high-resolution image blending},
  author={Wu, Huikai and Zheng, Shuai and Zhang, Junge and Huang, Kaiqi},
  booktitle={Proceedings of the 27th ACM International Conference on Multimedia},
  pages={2487--2495},
  year={2019},
  organization={ACM}
}

@misc{AutonomioTalos,
  title={Talos},
  author={Autonomio Talos},
  year={2019},
  howpublished={\url{http://github.com/autonomio/talos}},
}


@misc{KnapsackProblem},
  title={Knapsack Problem},
  author={Wikipedia},
  year={2019},
  howpublished={https://en.wikipedia.org/wiki/Knapsack_problem}},
}

@misc{CollinChing,
  title={How to build an image classifier for waste sorting},
  author={Collin Ching},
  year={2019},
  howpublished={\url{https://towardsdatascience.com/how-to-build-an-image-classifier-for-waste-sorting-6d11d3c9c478}},
}
 


@misc{jaderberg2015spatial,
    title={Spatial Transformer Networks},
    author={Max Jaderberg and Karen Simonyan and Andrew Zisserman and Koray Kavukcuoglu},
    year={2015},
    eprint={1506.02025},
    archivePrefix={arXiv},
    primaryClass={cs.CV}
}

@inproceedings{chollet2017xception,
  title={Xception: Deep learning with depthwise separable convolutions},
  author={Chollet, Fran{\c{c}}ois},
  booktitle={Proceedings of the IEEE conference on computer vision and pattern recognition},
  pages={1251--1258},
  year={2017}
}

@inproceedings{szegedy2017inception,
  title={Inception-v4, inception-resnet and the impact of residual connections on learning},
  author={Szegedy, Christian and Ioffe, Sergey and Vanhoucke, Vincent and Alemi, Alexander A},
  booktitle={Thirty-First AAAI Conference on Artificial Intelligence},
  year={2017}
}

@article{Zoph_2018,
   title={Learning Transferable Architectures for Scalable Image Recognition},
   ISBN={9781538664209},
   url={http://dx.doi.org/10.1109/CVPR.2018.00907},
   DOI={10.1109/cvpr.2018.00907},
   journal={2018 IEEE/CVF Conference on Computer Vision and Pattern Recognition},
   publisher={IEEE},
   author={Zoph, Barret and Vasudevan, Vijay and Shlens, Jonathon and Le, Quoc V.},
   year={2018},
   month={Jun}
}

@misc{simonyan2014deep,
    title={Very Deep Convolutional Networks for Large-Scale Image Recognition},
    author={Karen Simonyan and Andrew Zisserman},
    year={2014},
    eprint={1409.1556},
    archivePrefix={arXiv},
    primaryClass={cs.CV}
}

@article{Huang_2017,
   title={Densely Connected Convolutional Networks},
   ISBN={9781538604571},
   url={http://dx.doi.org/10.1109/CVPR.2017.243},
   DOI={10.1109/cvpr.2017.243},
   journal={2017 IEEE Conference on Computer Vision and Pattern Recognition (CVPR)},
   publisher={IEEE},
   author={Huang, Gao and Liu, Zhuang and Maaten, Laurens van der and Weinberger, Kilian Q.},
   year={2017},
   month={Jul}
}

@inproceedings{krizhevsky2012imagenet,
  title={Imagenet classification with deep convolutional neural networks},
  author={Krizhevsky, Alex and Sutskever, Ilya and Hinton, Geoffrey E},
  booktitle={Advances in neural information processing systems},
  pages={1097--1105},
  year={2012}
}


